ISA*00*          *00*          *ZZ*133052274      *ZZ*262267798      *140918*1645*^*00501*118994571*0*P*:~GS*HP*133052274*262267798*20140918*1645*1*X*005010X221A1~ST*835*000000823~BPR*I*235.5*C*ACH*CCP*01*256072701*DA*2079900470811*1223375292**01*021200025*DA*2000037684727*20140919~TRN*1*014091710900959*1223375292*27514~REF*EV*133052274~DTM*405*20140917~N1*PR*AMERIGROUP NEW JERSEY, INC~N3*4425 CORPORATION LANE*SUITE 100~N4*VIRGINIA BEACH*VA*23462~REF*2U*27514~REF*EO*6462028~PER*CX*Amerigroup Corporation*FX*7573219164~PER*BL*Amerigroup Corporation*FX*7573219164~N1*PE*EDISON ADULT DAY CARE CTR*XX*1124270558~N3*1655 OAK TREE RD STE 150~N4*EDISON*NJ*08820~REF*TJ*262267798~LX*1~CLP*568*4*100*0**MB*121587220300*99~NM1*QC*1*DE GUZMAN*LETICIA*P***HN*xxxxx3455M~NM1*82*2*EDISON ADULT DAY CARE CTR*****XX*1124270558~REF*CE*NJMC~REF*1W*716690952~DTM*233*20140910~SVC*HC:S5102*100*0**1~DTM*472*20140910~CAS*CO*197*100~REF*LU*99~CLP*558*1*100*78.5**MB*121567759600~NM1*QC*1*DEGUZMAN*ERNESTO****HN*xxxxx6459M~NM1*82*2*EDISON ADULT DAY CARE CTR*****XX*1124270558~REF*CE*NJMC~REF*1W*716690720~DTM*233*20140909~AMT*AU*78.5~SVC*HC:S5102*100*78.5**1~DTM*472*20140909~CAS*CO*45*21.5~REF*LU*99~AMT*B6*78.5~LQ*HE*N381~CLP*558*1*100*78.5**MB*121587220500*99~NM1*QC*1*DEGUZMAN*ERNESTO****HN*xxxxx6459M~NM1*82*2*EDISON ADULT DAY CARE CTR*****XX*1124270558~REF*CE*NJMC~REF*1W*716690720~DTM*233*20140910~AMT*AU*78.5~SVC*HC:S5102*100*78.5**1~DTM*472*20140910~CAS*CO*45*21.5~REF*LU*99~AMT*B6*78.5~LQ*HE*N381~CLP*927*1*100*78.5**MB*121587219300*99~NM1*QC*1*PATEL*RAMESH****HN*xxxxx9449A~NM1*82*2*EDISON ADULT DAY CARE CTR*****XX*1124270558~REF*CE*NJMC~REF*1W*718359320~DTM*233*20140910~AMT*AU*78.5~SVC*HC:S5102*100*78.5**1~DTM*472*20140910~CAS*CO*45*21.5~REF*LU*99~AMT*B6*78.5~LQ*HE*N381~SE*67*000000823~GE*1*1~IEA*1*118994571~
